% This file was created with JabRef 2.10b2.
% Encoding: UTF-8

@MastersThesis{Pitchai2011,
  Title                    = {Electromagnetic and Heat Transfer Modeling of Microwave Heating in Domestic Ovens},
  Author                   = {Krishnamoorthy Pitchai},
  School                   = {University of Nebraska},
  Year                     = {2011},

  Address                  = {Science and Technology Department},
  Type                     = {Dissertations, Theses and Student Research in Food},

  Key                      = {Modeling, heat transfer, non-uniform heating, temperature variation},
  Pagename                 = {f.},
  Pages                    = {179},
  Timestamp                = {2014.09.26},
  Year-presented           = {Abril 2011}
}

@Article{Hidenori1991,
  Title                    = {Development of Compact Inverter Power Supply for Microwave Oven},
  Author                   = {Hidenori Kako and Tatsuya Nakagawa and Ryuho Narita},
  Journal                  = {IEEE Transactions on Consumer Electronics},
  Year                     = {1991},
  Number                   = {3},
  Pages                    = {611--616},
  Volume                   = {37},

  Mounth                   = {august},
  Timestamp                = {2014.09.27}
}

@Article{Woo,
  Title                    = {Voltage-Clamped Class-E Inverter With Harmonic Tuning Network for Magnetron Drive},
  Author                   = {Young-Jin Woo and Sang-Kyung Kim and Gyu-Hyeong Cho},
  Journal                  = {IEEE TRANSACTIONS ON CIRCUITS AND SYSTEMS—II},
  Year                     = {2006},
  Number                   = {12},
  Pages                    = {1456--1460},
  Volume                   = {53},

  Mounth                   = {august},
  Timestamp                = {2014.09.27}
}

@Article{Vollmer,
  Title                    = {Physics of the microwave oven},
  Author                   = {Michael Vollmer},
  Journal                  = {Physics Education},
  Year                     = {2004},
  Number                   = {1},
  Pages                    = {74--81},
  Volume                   = {39},

  Mounth                   = {january},
  Timestamp                = {2014.09.27}
}

@Article{Ohlsson,
  Title                    = {Fundamentals of microwave cooking},
  Author                   = {T Ohlsson},
  Journal                  = {Microwave world},
  Year                     = {1983},
  Number                   = {4},
  Pages                    = {4--9},
  Volume                   = {2},

  Mounth                   = {june},
  Timestamp                = {2014.09.27}
}

@Article{Ma,
  Title                    = {Experimental validation of a combined electromagnetic and thermal FDTD model of a microwave heating process},
  Author                   = {Lizhuang Ma and D Paul and N Pothecary and C Railton and J Bows and L Barratt and J Mullin and D Simons},
  Journal                  = {IEEE Transactions on Microwave Theory and Techniques},
  Year                     = {1995},
  Number                   = {11},
  Pages                    = {2565--2572},
  Volume                   = {43},

  Mounth                   = {november},
  Timestamp                = {2014.09.27}
}

@Misc{MicrowaveBritannica,
  Title                    = {Microwave oven},
  Author                   = {{Encyclopaedia Britannica}},
  Year                     = {1998},

  Timestamp                = {2019.02.02},
  Url                      = {https://www.britannica.com/technology/microwave-oven},
  Urlaccessdate            = {02 de fevereiro de 2019}
}

@Misc{Apmonitor,
  Title                    = {Proportional Integral (PI) Control},
  Author                   = {John D. Hedengren},
  Year                     = {2014},

  Timestamp                = {2019.02.02},
  Url                      = {https://apmonitor.com/pdc/index.php/Main/ProportionalIntegralControl},
  Urlaccessdate            = {19 de novembro de 2019}
}

@Misc{Infineon,
  Title                    = {IGBT Application Hints},
  Author                   = {{Infineon}},
  Year                     = {2005},

  Timestamp                = {2019.10.06},
  Url                      = {https://www.infineon.com/dgdl/IInfineon-Connecting_IGBTs_in_Parallel-AN-v1.0-en.pdf?fileId=5546d462502ee6fd015023070b8b306d},
  Urlaccessdate            = {25 de julho de 2019}
}


@Misc{trabalhoSeguro,
  Title                    = {Radiações Não Ionizantes},
  Author                   = {{Blog Manual do Trabalho Seguro}},
  Year                     = {2015},

  Timestamp                = {2019.04.25},
  Url                      = {http://manualdotrabalhoseguro.blogspot.com/2014/08/radiacoes-nao-ionizantes-afinal-o-que-e.html},
  Urlaccessdate            = {25 de abril de 2019}
}

@Book{Rashid,
  Title                    = {Power Electronics Handbook: Devices, Circuits and Applications},
  Author                   = {M H Rashid},
  Publisher                = {Academic Press},
  Year                     = {2001},

  Edition                  = {2},

  Page                     = {112},
  Timestamp                = {2010.09.3}
}


@Book{hitchcock,
  Title                    = {Radio-frequency and Microwave Radiation},
  Author                   = {R Hitchcock},
  Publisher                = {American Industrial Hygiene Assn},
  Year                     = {2004},

  Edition                  = {1},
  
  Page                     = {1},
  Timestamp                = {2010.09.3}
}


@Book{Nicolosi,
  Title                    = {Microcontrolador 8051 detalhado},
  Author                   = {Denys E C Nicolosi},
  Publisher                = {Editora Érica},
  Year                     = {2005},

  Edition                  = {6},
  
  Page                     = {227},
  Timestamp                = {2010.09.3}
}


@Misc{PowerUk,
  Title                    = {What is a Ferroresonant Power Supply?},
  Author                   = {{Sunpower Electronics Ltd.}},
  Year                     = {2015},

  Timestamp                = {2019.04.25},
  Url                      = {https://www.sunpower-uk.com/glossary/what-is-a-ferroresonant-power-supply/},
  Urlaccessdate            = {25 de abril de 2019}
}

%%%%
@Misc{Raspberry,
  Title                    = {RASPBERRY PI 3 IS OUT NOW! SPECS, BENCHMARKS AND MORE},
  Author                   = {Magazine Magpi},
  Year                     = {2016},

  Timestamp                = {2017.11.11},
  Url                      = {https://www.raspberrypi.org/magpi/raspberry-pi-3-specs-benchmarks/},
  Urlaccessdate            = {11 de novembro de 2017}
}


@Book{Burbeck,
  Title                    = {Applications Programming in Smalltalk-80: How to use Model-View-Controller (MVC)},
  Author                   = {Steve Burbeck},
  Publisher                = {Steve Burbeck},
  Year                     = {1992},

  Address                  = {http://www.math.sfedu.ru/smalltalk/gui/mvc.pdf},
  Edition                  = {1},

  Page                     = {2},
  Timestamp                = {2010.09.3}
}


@Misc{MicrosoftMVC,
  Title                    = {Model-View-Controller},

  Author                   = {Microsoft},
  Year                     = {2017},

  Timestamp                = {2017.11.11},
  Url                      = {https://msdn.microsoft.com/en-us/library/ff649643.aspx},
  Urlaccessdate            = {11 de novembro de 2017}
}

@Book{Szeliski,
  Title                    = {Computer Vision: Algorithms and Applications},
  Author                   = {Richard Szeliski},
  Publisher                = {Springer},
  Year                     = {2010},

  Address                  = {Cidade},
  Edition                  = {1},

  Page                     = {3},
  Timestamp                = {2010.09.3}
}

@book{haykin2001redes,
  title={Redes Neurais - 2ed.},
  author={HAYKIN, S.S.},
  isbn={9788573077186},
  year={2001},
  publisher={BOOKMAN COMPANHIA ED}
}

@Misc{cameraTektronix,
  Title                    = {Fundamentos em Vídeo e Áudio Analógico e Digital},

  Author                   = {Tektronix},
  Year                     = {2010},

  Timestamp                = {2010.02.12},
}

@Misc{DicPortoEditora,
  Title                    = {Dicionário de língua portuguesa, Porto Editora},

  Author                   = {Porto},
  Year                     = {2017},

  Timestamp                = {2017.11.11},
  Url                      = {https://www.infopedia.pt/dicionarios/lingua-portuguesa/c%C3%A2mara%20de%20v%C3%ADdeo},
  Urlaccessdate            = {11 de novembro de 2017}
}


@Misc{Renaux,
  Title                    = {Notas de aula de Sistemas Embarcados},

  Author                   = {Douglas Renaux},
  Year                     = {2016},

  Timestamp                = {2016.12.31},
  Url                      = {http://www.dainf.ct.utfpr.edu.br/~douglas/index.htm},
  Urlaccessdate            = {6 de dezembro de 2017}
}

@Misc{Axis,
  Title                    = {AXIS Fence Guard | Axis Communications},

  Author                   = {Communications Axis},
  Year                     = {2017},

  Timestamp                = {2017.12.13},
  Url                      = {https://www.axis.com/no/en/products/axis-fence-guard},
  Urlaccessdate            = {13 de dezembro de 2017}
}

@PhdThesis{Kroener2009,
  Title                    = {CCTV: A technology under the radar?},
  Author                   = {Inga Kroener},
  School                   = {University College London},
  Year                     = {2009},

  Address                  = {Londres},
  Type                     = {Doutorado em Estudos de Ci{\^e}ncia e Tecnologia},

  Pagename                 = {f.},
  Pages                    = {306},
  Timestamp                = {2010.09.26},
  Year-presented           = {2009}
}

@Misc{ExameHomicidios2016,
  Title                    = {Os 25 países mais violentos do mundo (Brasil entre eles)},

  Author                   = {EXAME},
  Year                     = {2016},

  Timestamp                = {2016.09.13},
  Url                      = {https://exame.abril.com.br/mundo/os-25-paises-mais-violentos-do-mundo-brasil-e-o-18o/},
  Urlaccessdate            = {14 de outubro de 2017}
}

@Misc{G1Roubos2016,
  Title                    = {Estudo aponta um caso de roubo a cada 15 minutos em Curitiba},

  Author                   = {Globo},
  Year                     = {2016},

  Timestamp                = {2016.07c.26},
  Url                      = {http://g1.globo.com/pr/parana/noticia/2016/07/estudo-aponta-um-caso-de-roubo-cada-15-minutos-em-curitiba.html},
  Urlaccessdate            = {14 de outubro de 2017}
}

@Misc{G1RoubosSP2017,
  Title                    = {Roubos e furtos a condomínios crescem em São Paulo, aponta levantamento},

  Author                   = {Globo},
  Year                     = {2017},

  Timestamp                = {2016.07c.26},
  Url                      = {https://g1.globo.com/sao-paulo/noticia/roubos-e-furtos-a-residencias-crescem-172-em-sao-paulo-aponta-levantamento.ghtml},
  Urlaccessdate            = {15 de outubro de 2017}
}

@Misc{SIFRE,
  Title                    = {Rigid-Motion Scattering For Image Classification},
  Author                   = {Laurent Sifre},
  Year                     = {2014},

  Timestamp                = {2014.10.06},
  Url                      = {http://www.di.ens.fr/data/publications/papers/phd_sifre.pdf},
  Urlaccessdate            = {09 de novembro de 2017}
}

@Misc{HOWARD,
  Title                    = {MobileNets: Efficient Convolutional Neural Networks for Mobile Vision Applications},
  Author                   = {Andrew G. Howard},
  Year                     = {2017},

  Timestamp                = {2017.04.17},
  Url                      = {https://arxiv.org/abs/1704.04861},
  Urlaccessdate            = {23 de outubro de 2017}
}

@Misc{BENGIO,
  Title                    = {Representation Learning: A Review and New Perspectives},
  Author                   = {Yoshua Bengio},
  Year                     = {2014},

  Timestamp                = {2014.04.23},
  Url                      = {https://arxiv.org/abs/1206.5538},
  Urlaccessdate            = {23 de outubro de 2017}
}

@Misc{Goodfellow,
  Title                    = {Deep Learning},
  Author                   = {Ian Goodfellow and Yoshua Bengio and Aaron Courville},
  Year                     = {2017},

  Timestamp                = {2014.04.23},
  Url                      = {https://github.com/janishar/mit-deep-learning-book-pdf},
  Urlaccessdate            = {14 de dezembro de 2017}
}

@Misc{LIU,
  Title                    = {SSD: Single Shot MultiBox Detector},
  Author                   = {Wei Liu},
  Year                     = {2016},

  Timestamp                = {2016.12.29},
  Url                      = {https://arxiv.org/abs/1512.02325},
  Urlaccessdate            = {25 de outubro de 2017}
}

@Manual{abnTeX22014b,
  Title                    = {A classe abntex2},
  Author                   = {abnTeX2 and Lauro C\'{e}sar Araujo},
  Organization             = {Equipe abnTeX2},
  Year                     = {2014},

  Bdsk-url-1               = {http://code.google.com/p/abntex2/wiki/Download},
  Pages                    = {46},
  Subtitle                 = {Documentos t\'{e}cnicos e cient\'{i}ficos brasileiros compat\'{i}veis com as normas ABNT},
  Timestamp                = {2014.09.27},
  Url                      = {http://abntex2.googlecode.com/},
  Urlaccessdate            = {12 de setembro de 2014}
}

@Manual{abnTeX22014d,
  Title                    = {O pacote abntex2cite},
  Author                   = {abnTeX2 and Lauro C\{\textquoteright}{e}sar Araujo},
  Organization             = {Equipe abnTeX2},
  Year                     = {2014},

  Bdsk-url-1               = {http://code.google.com/p/abntex2/wiki/Download},
  Pages                    = {91},
  Subtitle                 = {Estilos bibliogr\'{a}ficos compat\'{i}veis com a ABNT NBR 6023},
  Timestamp                = {2014.09.27},
  Url                      = {http://abntex2.googlecode.com/},
  Urlaccessdate            = {12 de setembro de 2014}
}

@Manual{abnTeX22014c,
  Title                    = {O pacote abntex2cite},
  Author                   = { Lauro C\'{e}sar Araujo and abnTeX2 },
  Organization             = {Equipe abnTeX2},
  Year                     = {2014},

  Bdsk-url-1               = {http://code.google.com/p/abntex2/wiki/Download},
  Pages                    = {23},
  Subtitle                 = {T\'{o}picos espec\'{i}ficos da ABNT NBR 10520:2002 e o estilo bibliogr\'{a}fico alfab\'{e}tico (sistema autor-data)},
  Timestamp                = {2014.09.27},
  Url                      = {http://abntex2.googlecode.com/},
  Urlaccessdate            = {12 de setembro de 2014}
}

@Book{Barbosa2004,
  Title                    = {Testando a utiliza{\c c}\~ao de ``et al.''},
  Author                   = {Carlos Barbosa and {Maria da} Silva Cardoso and {Tenitos da} Silva and Carminda Soares},
  Publisher                = {Editora},
  Year                     = {2004},

  Address                  = {Cidade},
  Edition                  = {2},

  Page                     = {5},
  Timestamp                = {2014.09.24}
}

@Misc{BibTeX2014,
  Title                    = {BibTeX.org},

  Author                   = {BibTeX},
  Year                     = {2014},

  Timestamp                = {2014.09.27},
  Url                      = {http://www.bibtex.org},
  Urlaccessdate            = {31 de julho de 2014}
}

@Book{Buerger1989,
  Title                    = {LaTeX for scientists and engineers},
  Author                   = {Buerger, David John},
  Publisher                = {McGraw-Hill},
  Year                     = {1989},

  Address                  = {Singapura},

  Timestamp                = {2014.09.27}
}


@Book{Goossens2007,
  Title                    = {The LaTeX graphics companion},
  Author                   = {Goossens, Michel and Mittelbach, Frank and Rahtz, Sebastian and Roegel, Denis and Voss, Herbert},
  Publisher                = {Addison-Wesley},
  Year                     = {2007},

  Address                  = {Boston},
  Edition                  = {2},

  Timestamp                = {2014.09.27}
}

@Misc{IRL2014,
  Title                    = {Internet Research Laboratory},

  Author                   = {IRL},
  Year                     = {2014},

  Key                      = {IRL},
  Timestamp                = {2014.09.24},
  Url                      = {http://irl.cs.ucla.edu/topology},
  Urlaccessdate            = {8 de mar{\c c}o de 2014}
}

@Book{Kopka2003,
  Title                    = {Guide to LaTeX},
  Author                   = {Kopka, Helmut and Daly, Patrick W.},
  Publisher                = {Addison-Wesley},
  Year                     = {2003},

  Address                  = {Boston},
  Edition                  = {4},

  Timestamp                = {2014.09.27}
}

@Book{Lamport1986,
  Title                    = {LaTeX: a document preparation system},
  Author                   = {Lamport, Leslie},
  Publisher                = {Addison-Wesley},
  Year                     = {1986},

  Address                  = {Boston},

  Timestamp                = {2014.09.27}
}

@Misc{LaTeX2014,
  Title                    = {The LaTeX project},

  Author                   = {LaTeX},
  Year                     = {2014},

  Timestamp                = {2014.09.27},
  Url                      = {http://www.latex-project.org},
  Urlaccessdate            = {31 de julho de 2014}
}

@Book{Maturana2003,
  Title                    = {A \'{A}rvore do Conhecimento},
  Author                   = {Humberto R. Maturana and Francisco J. Varela},
  Publisher                = {Editora Palas Athena},
  Year                     = {2003},

  Address                  = {S\~ao Paulo},
  Edition                  = {3},

  Page                     = {283},
  Subtitle                 = {as bases biol\'{o}gicas da compreens\~{a}o humana},
  Timestamp                = {2014.09.27}
}

@Book{Mittelbach2004,
  Title                    = {The LaTeX companion},
  Author                   = {Mittelbach, Frank and Goossens, Michel and Braams, Johannes and Carlisle, David and Rowley, Chris},
  Publisher                = {Addison-Wesley},
  Year                     = {2004},

  Address                  = {Boston},
  Edition                  = {2},

  Timestamp                = {2014.09.27}
}

@PhdThesis{Neubert2001,
  Title                    = {Algoritmos Distribu\'{i}dos para a Constru{\c c}\~ao de Arquivos Invertidos},
  Author                   = {Marden Silveira Neubert},
  School                   = {Departamento de Computa{\c c}\~ao, Universidade Federal de Minas Gerais},
  Year                     = {2001},

  Address                  = {Belo Horizonte},
  Type                     = {Doutorado em Ci{\^e}ncia da Computa{\c c}\~ao},

  Pagename                 = {f.},
  Pages                    = {145},
  Timestamp                = {2014.09.26},
  Year-presented           = {Mar{\c c}o 2001}
}

@MastersThesis{Santos2003,
  Title                    = {Aspectos Conceituais e Arquiteturais para a Cria{\c c}\~ao de Linhagens de Agentes de Software Cognitivos e Situados},
  Author                   = {Bruno Andr\'{e} Santos},
  School                   = {Centro Federal de Educa{\c c}\~ao Tecnol\'{o}gica de Minas Gerais},
  Year                     = {2003},

  Address                  = {Belo Horizonte},
  Type                     = {Mestrado em Tecnologia -- Nome da \'{a}rea de concentra{\c c}\~ao},

  Key                      = {intelig{\^e}ncia artificial, agentes inteligentes, cogni{\c c}\~ao situada},
  Pagename                 = {f.},
  Pages                    = {130},
  Timestamp                = {2014.09.26},
  Year-presented           = {Junho 2003}
}

@Book{Silva2000,
  Title                    = {A Intelig{\^e}ncia da Complexidade},
  Author                   = {Silva, Joaquim and Souza, Jo\~ao {Luiz de}},
  Publisher                = {Editora Petr\'{o}polis},
  Year                     = {2000},

  Address                  = {S\~ao Paulo},

  Timestamp                = {2014.09.24}
}

@MastersThesis{Souza2012,
  Title                    = {Recupera{\c c}\~ao de V\'{i}deos Baseada em Conte\'{u}do em um Sistema de Informa{\c c}\~ao para Apoio \`{a} An\'{a}lise do Discurso Televisivo},
  Author                   = {Celso {Luiz de} Souza},
  School                   = {Centro Federal de Educa{\c c}\~ao Tecnol\'{o}gica de Minas Gerais},
  Year                     = {2012},

  Address                  = {Belo Horizonte},
  Type                     = {Mestrado em Modelagem Matem\'{a}tica e Computacional -- Sistemas Inteligentes},

  Pagename                 = {f.},
  Pages                    = {130},
  Timestamp                = {2014.09.26},
  Year-presented           = {Outubro 2011}
}

@Article{vanGELDER1998,
  Title                    = {Disentangling Dynamics, Computation and Cognition},
  Author                   = {Tim {van GELDER}},
  Journal                  = {Behavioral and Brain Sciences},
  Year                     = {1998},
  Pages                    = {40--47},
  Volume                   = {21},

  Key                      = {cognitive science, digital computer, dynamical hypothesis, dynamical system},
  Timestamp                = {2014.09.26}
}

@Manual{NBR14724:2011,
  Title                    = {{ABNT NBR} 14724},

  Address                  = {Rio de Janeiro},
  Month                    = mar,
  Organization             = {Associa{\c c}\~ao Brasileira de Normas T\'ecnicas},
  Year                     = {2011},

  Org-short                = {ABNT},
  Pages                    = {11},
  Subtitle                 = {Informa{\c c}\~ao e documenta{\c c}\~ao --- Trabalhos acad\^emicos --- Apresenta{\c c}\~ao},
  Timestamp                = {2014.09.27}
}

@Manual{NBR15287:2005,
  Title                    = {{ABNT NBR} 15287},

  Address                  = {Rio de Janeiro},
  Month                    = {dez.},
  Organization             = {Associa{\c c}\~ao Brasileira de Normas T\'ecnicas},
  Year                     = {2005},

  Org-short                = {ABNT},
  Pages                    = {6},
  Subtitle                 = {Informa{\c c}\~ao e documenta{\c c}\~ao --- Projeto de pesquisa --- Apresenta{\c c}\~ao},
  Timestamp                = {2014.09.27}
}

@Manual{NBR10520:2002,
  Title                    = {{NBR} 10520},

  Address                  = {Rio de Janeiro},
  Month                    = {ago.},
  Organization             = {Associa{\c c}\~ao Brasileira de Normas T\'ecnicas},
  Year                     = {2002},

  Org-short                = {ABNT},
  Pages                    = {7},
  Subtitle                 = {Informa{\c c}\~ao e documenta{\c c}\~ao --- Cita{\c c}\~oes em documentos --- Apresenta{\c c}\~ao},
  Timestamp                = {2014.09.27}
}

@Manual{NBR6023:2002,
  Title                    = {{NBR} 6023},

  Address                  = {Rio de Janeiro},
  Month                    = {ago.},
  Organization             = {Associa{\c c}\~ao Brasileira de Normas T\'ecnicas},
  Year                     = {2002},

  Org-short                = {ABNT},
  Pages                    = {24},
  Subtitle                 = {Informa{\c c}\~ao e documenta{\c c}\~ao --- Refer\^encias --- Elabora{\c c}\~ao},
  Timestamp                = {2014.09.27}
}
